<record><leader>00000cas a2200000   4500</leader><controlfield tag="001">17899376</controlfield><controlfield tag="008">880505d18881892oruwr n       0    0eng c</controlfield><datafield ind1=" " ind2=" " tag="010"><subfield code="a">sn 97071085 </subfield></datafield><datafield ind1=" " ind2=" " tag="040"><subfield code="a">SOS</subfield><subfield code="b">eng</subfield><subfield code="c">SOS</subfield><subfield code="d">OCN</subfield><subfield code="d">OCL</subfield><subfield code="d">CNK</subfield><subfield code="d">ORU</subfield><subfield code="d">OCLCQ</subfield><subfield code="d">OCLCF</subfield><subfield code="d">OCLCO</subfield></datafield><datafield ind1="1" ind2=" " tag="029"><subfield code="a">AU@</subfield><subfield code="b">000026495542</subfield></datafield><datafield ind1=" " ind2=" " tag="042"><subfield code="a">pcc</subfield></datafield><datafield ind1=" " ind2=" " tag="043"><subfield code="a">n-us-or</subfield></datafield><datafield ind1=" " ind2=" " tag="090"><subfield code="a">AN2</subfield><subfield code="b">.M35x</subfield></datafield><datafield ind1="0" ind2=" " tag="130"><subfield code="a">Medford mail (Medford, Or. : 1888)</subfield></datafield><datafield ind1="1" ind2="4" tag="245"><subfield code="a">The Medford mail.</subfield></datafield><datafield ind1=" " ind2=" " tag="260"><subfield code="a">Medford, Or. :</subfield><subfield code="b">Thos. Harlan</subfield></datafield><datafield ind1=" " ind2=" " tag="300"><subfield code="a">v.</subfield></datafield><datafield ind1=" " ind2=" " tag="310"><subfield code="a">Weekly</subfield></datafield><datafield ind1="1" ind2=" " tag="362"><subfield code="a">Began in 1888; ceased in Apr. 1892.</subfield></datafield><datafield ind1=" " ind2=" " tag="530"><subfield code="a">Also issued on microfilm from University of Oregon.</subfield></datafield><datafield ind1=" " ind2=" " tag="588"><subfield code="a">Description based on: Vol. 1, no. 34 (Aug. 15, 1889).</subfield></datafield><datafield ind1=" " ind2="0" tag="651"><subfield code="a">Medford (Or.)</subfield><subfield code="v">Newspapers.</subfield></datafield><datafield ind1=" " ind2="7" tag="655"><subfield code="a">Newspapers.</subfield><subfield code="2">fast</subfield><subfield code="0">(OCoLC)fst01423814</subfield></datafield><datafield ind1=" " ind2="7" tag="651"><subfield code="a">Oregon</subfield><subfield code="z">Medford.</subfield><subfield code="2">fast</subfield><subfield code="0">(OCoLC)fst01217574</subfield></datafield><datafield ind1=" " ind2=" " tag="752"><subfield code="a">United States</subfield><subfield code="b">Oregon</subfield><subfield code="c">Jackson</subfield><subfield code="d">Medford.</subfield></datafield><datafield ind1="0" ind2="0" tag="780"><subfield code="t">Medford advertiser</subfield></datafield><datafield ind1="0" ind2="0" tag="785"><subfield code="t">Southern Oregon mail</subfield><subfield code="w">(DLC)sn 97071086</subfield><subfield code="w">(OCoLC)17899385</subfield></datafield></record>